<record><leader>00000cas a2200000 a 4500</leader><controlfield tag="001">19114701</controlfield><controlfield tag="008">890208d189u190utnuwr ne      0    0eng d</controlfield><datafield ind1=" " ind2=" " tag="010"><subfield code="a">sn 89058183 </subfield></datafield><datafield ind1=" " ind2=" " tag="040"><subfield code="a">KNP</subfield><subfield code="b">eng</subfield><subfield code="c">KNP</subfield><subfield code="d">TGN</subfield><subfield code="d">OCL</subfield><subfield code="d">OCLCQ</subfield><subfield code="d">OCLCF</subfield><subfield code="d">OCLCO</subfield></datafield><datafield ind1=" " ind2=" " tag="042"><subfield code="a">msc</subfield></datafield><datafield ind1=" " ind2=" " tag="043"><subfield code="a">n-us-tn</subfield></datafield><datafield ind1="0" ind2="0" tag="245"><subfield code="a">McKenzie herald.</subfield></datafield><datafield ind1=" " ind2=" " tag="260"><subfield code="a">McKenzie, Tenn. :</subfield><subfield code="b">Finis J. Garrett</subfield></datafield><datafield ind1=" " ind2=" " tag="300"><subfield code="a">v. :</subfield><subfield code="b">ill.</subfield></datafield><datafield ind1=" " ind2=" " tag="310"><subfield code="a">Weekly</subfield></datafield><datafield ind1=" " ind2=" " tag="500"><subfield code="a">Publishers: F.J. Garret &amp; F.E. Cribbs, &lt;Nov. 1894-Jan.&gt; 1895; B.A. Crofford, &lt;Feb.-June&gt; 1895; J.C. McFall, &lt;July&gt; 1895; McFall &amp; Garrett, &lt;July-Aug. 1895&gt;; J.E. Goldsby &amp; D.F. Wren, &lt;1900&gt;; C.E. Biles. &lt;1900&gt;; T.H. Baker, &lt;1904&gt;</subfield></datafield><datafield ind1=" " ind2=" " tag="500"><subfield code="a">Editors: Finis J. Garrett, &lt;1894-1895&gt;; J.C. McFall, &lt;1899&gt;; C.E. Biles, &lt;1900&gt;; T.H. Baker, Jr., &lt;1904&gt;</subfield></datafield><datafield ind1=" " ind2=" " tag="588"><subfield code="a">Description based on: Vol. 3, no. 26 (July 19, 1894).</subfield></datafield><datafield ind1=" " ind2="0" tag="651"><subfield code="a">McKenzie (Tenn.)</subfield><subfield code="v">Newspapers.</subfield></datafield><datafield ind1=" " ind2="0" tag="651"><subfield code="a">Carroll County (Tenn.)</subfield><subfield code="v">Newspapers.</subfield></datafield><datafield ind1=" " ind2="7" tag="655"><subfield code="a">Newspapers.</subfield><subfield code="2">fast</subfield><subfield code="0">(OCoLC)fst01423814</subfield></datafield><datafield ind1=" " ind2="7" tag="651"><subfield code="a">Tennessee</subfield><subfield code="z">Carroll County.</subfield><subfield code="2">fast</subfield><subfield code="0">(OCoLC)fst01206691</subfield></datafield><datafield ind1=" " ind2="7" tag="651"><subfield code="a">Tennessee</subfield><subfield code="z">McKenzie.</subfield><subfield code="2">fast</subfield><subfield code="0">(OCoLC)fst01218753</subfield></datafield><datafield ind1=" " ind2=" " tag="752"><subfield code="a">United States</subfield><subfield code="b">Tennessee</subfield><subfield code="c">Carroll</subfield><subfield code="d">McKenzie.</subfield></datafield></record>